<?xml version="1.0" encoding="UTF-8"?><record xmlns="http://www.loc.gov/MARC21/slim" xmlns:cinclude="http://apache.org/cocoon/include/1.0" xmlns:zs="http://www.loc.gov/zing/srw/">
  <leader>00335cz  a2200121n  4500</leader>
  <controlfield tag="001">n  86060688 </controlfield>
  <controlfield tag="003">DLC</controlfield>
  <controlfield tag="005">20141209090720.0</controlfield>
  <controlfield tag="008">861024n| azannaab           |n aaa      </controlfield>
  <datafield tag="010" ind1=" " ind2=" ">
    <subfield code="a">n  86060688 </subfield>
  </datafield>
  <datafield tag="040" ind1=" " ind2=" ">
    <subfield code="a">DLC</subfield>
    <subfield code="b">eng</subfield>
    <subfield code="e">rda</subfield>
    <subfield code="c">DLC</subfield>
    <subfield code="d">DLC</subfield>
  </datafield>
  <datafield tag="100" ind1="1" ind2=" ">
    <subfield code="a">Chertok, V. B.</subfield>
  </datafield>
  <datafield tag="670" ind1=" " ind2=" ">
    <subfield code="a">Zurabov, B. A. Aruti︠u︡ni︠a︡n, 1986:</subfield>
    <subfield code="b">colophon (V.B. Chertok)</subfield>
  </datafield>
</record>